<?xml version="1.0" encoding="UTF-8"?><collection xmlns="http://www.loc.gov/MARC21/slim"><record><leader>00495nam--2200193-i-4500</leader><controlfield tag="001">000020898</controlfield><controlfield tag="002">20161230</controlfield><controlfield tag="005">20161230201033</controlfield><controlfield tag="008">060222s1000------------r-----000-0-rus-d</controlfield><datafield ind1=" " ind2=" " tag="040"><subfield code="a">IFIN-HH</subfield></datafield><datafield ind1=" " ind2=" " tag="041"><subfield code="a">rus</subfield></datafield><datafield ind1=" " ind2=" " tag="080"><subfield code="a">53</subfield></datafield><datafield ind1="1" ind2=" " tag="100"><subfield code="a">Saharov, D.I</subfield></datafield><datafield ind1="1" ind2="0" tag="245"><subfield code="a">Sbornik zadaci po fizike</subfield><subfield code="c">D.i. saharov, i.s. kosminkov</subfield></datafield><datafield ind1=" " ind2=" " tag="260"><subfield code="a">Moskva</subfield><subfield code="b">Gosudarstvennoe Ucebno-pedagogiceskoe</subfield><subfield code="c">1952</subfield></datafield><datafield ind1=" " ind2=" " tag="300"><subfield code="a">255P</subfield></datafield><datafield ind1="1" ind2=" " tag="700"><subfield code="a">Kosminkov, I.S</subfield></datafield><datafield ind1=" " ind2=" " tag="852"><subfield code="a">1874</subfield><subfield code="c">53</subfield></datafield><datafield ind1=" " ind2=" " tag="CAT"><subfield code="a">Sys</subfield><subfield code="c">20150112</subfield><subfield code="h">134751</subfield></datafield></record></collection>